@misc{bworld,
  author = {Kaggle},
  title = {{Tweet sentiment extraction}},
  howpublished = "\url{https://www.kaggle.com/c/tweet-sentiment-extraction/overview}",
  note = "[Accessed: 02-Aug-2021]"
}

@misc{cworld,
  author = {Gabriel Preda},
  title = {{Covid-19 all vaccines tweets}},
  howpublished = "\url{https://www.kaggle.com/gpreda/all-covid19-vaccines-tweets}",
  note = "[Accessed: 02-Aug-2021]"
}

@misc{dworld,
  author = {World Health Organization},
  title = {{WHO Coronavirus (COVID-19) Dashboard}},
  howpublished = "\url{https://covid19.who.int/}",
  note = "[Accessed: 01-Aug-2021]"
}
@misc{eworld,
  author = {Our World in Data},
  title = {{Coronavirus (COVID-19) Vaccinations}},
  howpublished = "\url{https://ourworldindata.org/covid-vaccinations}",
  note = "[Accessed: 01-Aug-2021]"
}
@misc{fworld,
  author = {New York Times},
  title = {{Tracking Coronavirus Vaccinations Around the World}},
  howpublished = "\url{https://www.nytimes.com/interactive/2021/world/covid-vaccinations-tracker.html}",
  note = "[Accessed: 01-Aug-2021]"
}
@article{kwok2020herd,
  title={Herd immunity--estimating the level required to halt the COVID-19 epidemics in affected countries},
  author={Kwok, Kin On and Lai, Florence and Wei, Wan In and Wong, Samuel Yeung Shan and Tang, Julian WT},
  journal={Journal of Infection},
  volume={80},
  number={6},
  pages={e32--e33},
  year={2020},
  publisher={Elsevier}
}
@article{young2018recent,
  title={Recent trends in deep learning based natural language processing},
  author={Young, Tom and Hazarika, Devamanyu and Poria, Soujanya and Cambria, Erik},
  journal={ieee Computational intelligenCe magazine},
  volume={13},
  number={3},
  pages={55--75},
  year={2018},
  publisher={IEEE}
}
@article{collobert2011natural,
  title={Natural language processing (almost) from scratch},
  author={Collobert, Ronan and Weston, Jason and Bottou, L{\'e}on and Karlen, Michael and Kavukcuoglu, Koray and Kuksa, Pavel},
  journal={Journal of machine learning research},
  volume={12},
  number={ARTICLE},
  pages={2493--2537},
  year={2011}
}
@article{na2021insight,
  title={Insight from NLP Analysis: COVID-19 Vaccines Sentiments on Social Media},
  author={Na, Tao and Cheng, Wei and Li, Dongming and Lu, Wanyu and Li, Hongjiang},
  journal={arXiv preprint arXiv:2106.04081},
  year={2021}
}
@article{prabuckisentiment,
  title={Sentiment Analysis of SARS-CoV-2 vaccination tweets using Deep Neural Networks},
  author={Prabucki, Tomasz Piotr}
}
@inproceedings{pak2017review,
  title={A review of deep learning in image recognition},
  author={Pak, Myeongsuk and Kim, Sanghoon},
  booktitle={2017 4th international conference on computer applications and information processing technology (CAIPT)},
  pages={1--3},
  year={2017},
  organization={IEEE}
}
@article{peters2018deep,
  title={Deep contextualized word representations},
  author={Peters, Matthew E and Neumann, Mark and Iyyer, Mohit and Gardner, Matt and Clark, Christopher and Lee, Kenton and Zettlemoyer, Luke},
  journal={arXiv preprint arXiv:1802.05365},
  year={2018}
}


@misc{zworld,
  author = {Jason Brownlee},
  title = {{How to Develop a Bidirectional LSTM For Sequence Classification in Python with Keras}},
  howpublished = "\url{https://machinelearningmastery.com/develop-bidirectional-lstm-sequence-classification-python-keras/}",
  note = "[Accessed: 03-Aug-2021]"
}
@article{zhou2015c,
  title={A C-LSTM neural network for text classification},
  author={Zhou, Chunting and Sun, Chonglin and Liu, Zhiyuan and Lau, Francis},
  journal={arXiv preprint arXiv:1511.08630},
  year={2015}
}
@article{loria2018textblob,
  title={textblob Documentation},
  author={Loria, Steven},
  journal={Release 0.15},
  volume={2},
  pages={269},
  year={2018}
}
@inproceedings{hutto2014vader,
  title={Vader: A parsimonious rule-based model for sentiment analysis of social media text},
  author={Hutto, Clayton and Gilbert, Eric},
  booktitle={Proceedings of the International AAAI Conference on Web and Social Media},
  volume={8},
  number={1},
  year={2014}
}

@article{huang2015bidirectional,
  title={Bidirectional LSTM-CRF models for sequence tagging},
  author={Huang, Zhiheng and Xu, Wei and Yu, Kai},
  journal={arXiv preprint arXiv:1508.01991},
  year={2015}
}

@misc{pworld,
  author = {Bloomberg},
  title = {{UAE Passes Seychelles to Become Worldâ€™s Most Vaccinated}},
  howpublished = "\url{https://www.bloomberg.com/news/articles/2021-07-04/uae-passes-seychelles-to-become-most-vaccinated-nation}",
  note = "[Accessed: 03-Aug-2021]"
}


@misc{sworld,
  author = {CNN},
  title = {{Dolly Parton helped fund Moderna's Covid-19 vaccine research}},
  howpublished = "\url{https://www.cnn.com/2020/11/17/entertainment/dolly-parton-covid-moderna-vaccine-trnd/index.html}",
  note = "[Accessed: 03-Aug-2021]"
}

@article{feldman2013techniques,
  title={Techniques and applications for sentiment analysis},
  author={Feldman, Ronen},
  journal={Communications of the ACM},
  volume={56},
  number={4},
  pages={82--89},
  year={2013},
  publisher={ACM New York, NY, USA}
}

@article{medhat2014sentiment,
  title={Sentiment analysis algorithms and applications: A survey},
  author={Medhat, Walaa and Hassan, Ahmed and Korashy, Hoda},
  journal={Ain Shams engineering journal},
  volume={5},
  number={4},
  pages={1093--1113},
  year={2014},
  publisher={Elsevier}
}

@article{tan2011weighted,
  title={Weighted SCL model for adaptation of sentiment classification},
  author={Tan, Songbo and Wang, Yuefen},
  journal={Expert Systems with Applications},
  volume={38},
  number={8},
  pages={10524--10531},
  year={2011},
  publisher={Elsevier}
}

@inproceedings{maas2011learning,
  title={Learning word vectors for sentiment analysis},
  author={Maas, Andrew and Daly, Raymond E and Pham, Peter T and Huang, Dan and Ng, Andrew Y and Potts, Christopher},
  booktitle={Proceedings of the 49th annual meeting of the association for computational linguistics: Human language technologies},
  pages={142--150},
  year={2011}
}

@article{mou2016transferable,
  title={How transferable are neural networks in nlp applications?},
  author={Mou, Lili and Meng, Zhao and Yan, Rui and Li, Ge and Xu, Yan and Zhang, Lu and Jin, Zhi},
  journal={arXiv preprint arXiv:1603.06111},
  year={2016}
}

@inproceedings{zhang2016sentiment,
  title={Sentiment classification using comprehensive attention recurrent models},
  author={Zhang, Yong and Meng, Joo Er and Venkatesan, Rajasekar and Wang, Ning and Pratama, Mahardhika},
  booktitle={2016 International joint conference on neural networks (IJCNN)},
  pages={1562--1569},
  year={2016},
  organization={IEEE}
}

@inproceedings{li2014identifying,
  title={Identifying top sellers in underground economy using deep learning-based sentiment analysis},
  author={Li, Weifeng and Chen, Hsinchun},
  booktitle={2014 IEEE joint intelligence and security informatics conference},
  pages={64--67},
  year={2014},
  organization={IEEE}
}

@inproceedings{ouyang2015sentiment,
  title={Sentiment analysis using convolutional neural network},
  author={Ouyang, Xi and Zhou, Pan and Li, Cheng Hua and Liu, Lijun},
  booktitle={2015 IEEE international conference on computer and information technology; ubiquitous computing and communications; dependable, autonomic and secure computing; pervasive intelligence and computing},
  pages={2359--2364},
  year={2015},
  organization={IEEE}
}